[gd_scene load_steps=3 format=2]

[ext_resource path="res://Tilesets/Tileset.tscn" type="PackedScene" id=1]
[ext_resource path="res://assets/images/terrains/grass-terrain.png" type="Texture" id=2]

[node name="Tileset" instance=ExtResource( 1 )]

[node name="11-WallC" parent="." index="10"]

texture = ExtResource( 2 )
centered = false
offset = Vector2( -32, -96 )
region_enabled = true
region_rect = Rect2( 0, 0, 96, 128 )
_sections_unfolded = [ "Animation", "Offset", "Region" ]

[node name="CollisionPolygon2D" parent="11-WallC/StaticBody2D" index="0"]

polygon = PoolVector2Array( 0, 6, 2, 2, 6, 0, 26, 0, 30, 2, 32, 6, 32, 26, 30, 30, 26, 32, 6, 32, 2, 30, 0, 26 )
_sections_unfolded = [ "Transform" ]

[node name="16-WallS1" parent="." index="15"]

texture = ExtResource( 2 )

[node name="17-WallS2" parent="." index="16"]

texture = ExtResource( 2 )

[node name="18-WallS3" parent="." index="17"]

texture = ExtResource( 2 )

[node name="19-WallDL" parent="." index="18"]

texture = ExtResource( 2 )

[node name="20-WallDR" parent="." index="19"]

texture = ExtResource( 2 )

[node name="21-WallS4" parent="." index="20"]

texture = ExtResource( 2 )

[node name="22-Detail3" parent="." index="21"]

texture = ExtResource( 2 )

[node name="23-HoleTLCx" parent="." index="22"]

texture = ExtResource( 2 )

[node name="24-HoleTRCx" parent="." index="23"]

texture = ExtResource( 2 )

[node name="25-Detail4" parent="." index="24"]

texture = ExtResource( 2 )

[node name="26-HoleBLCx" parent="." index="25"]

texture = ExtResource( 2 )

[node name="27-HoleBRCx" parent="." index="26"]

texture = ExtResource( 2 )

[node name="28-HoleTLCv" parent="." index="27"]

texture = ExtResource( 2 )

[node name="29-HoleT" parent="." index="28"]

texture = ExtResource( 2 )

[node name="30-HoleTRCv" parent="." index="29"]

texture = ExtResource( 2 )

[node name="31-HoleL" parent="." index="30"]

texture = ExtResource( 2 )

[node name="32-HoleC" parent="." index="31"]

texture = ExtResource( 2 )

[node name="33-HoleR" parent="." index="32"]

texture = ExtResource( 2 )

[node name="34-HoleBLCv" parent="." index="33"]

texture = ExtResource( 2 )

[node name="35-HoleB" parent="." index="34"]

texture = ExtResource( 2 )

[node name="36-HoleBRCv" parent="." index="35"]

texture = ExtResource( 2 )

[node name="37-HoleS1" parent="." index="36"]

texture = ExtResource( 2 )

[node name="38-HoleS2" parent="." index="37"]

texture = ExtResource( 2 )

[node name="39-HoleS3" parent="." index="38"]

texture = ExtResource( 2 )

[node name="40-HoleDL" parent="." index="39"]

texture = ExtResource( 2 )

[node name="41-HoleDR" parent="." index="40"]

texture = ExtResource( 2 )

[node name="42-HoleS4" parent="." index="41"]

texture = ExtResource( 2 )

[node name="43-Detail6" parent="." index="42"]

texture = ExtResource( 2 )

[node name="44-FloorTLCx" parent="." index="43"]

texture = ExtResource( 2 )

[node name="45-FloorTRCx" parent="." index="44"]

texture = ExtResource( 2 )

[node name="46-Detail7" parent="." index="45"]

texture = ExtResource( 2 )

[node name="47-FloorBLCx" parent="." index="46"]

texture = ExtResource( 2 )

[node name="48-FloorBRCx" parent="." index="47"]

texture = ExtResource( 2 )

[node name="49-FloorTLCv" parent="." index="48"]

texture = ExtResource( 2 )

[node name="50-FloorTC" parent="." index="49"]

texture = ExtResource( 2 )

[node name="51-FloorTR" parent="." index="50"]

texture = ExtResource( 2 )

[node name="52-FloorL" parent="." index="51"]

texture = ExtResource( 2 )

[node name="53-FloorC" parent="." index="52"]

texture = ExtResource( 2 )

[node name="54-FloorR" parent="." index="53"]

texture = ExtResource( 2 )

[node name="55-FloorBLCv" parent="." index="54"]

texture = ExtResource( 2 )

[node name="56-FloorBC" parent="." index="55"]

texture = ExtResource( 2 )

[node name="57-FloorBRCv" parent="." index="56"]

texture = ExtResource( 2 )

[node name="58-FloorS1" parent="." index="57"]

texture = ExtResource( 2 )

[node name="59-FloorS2" parent="." index="58"]

texture = ExtResource( 2 )

[node name="60-FloorS3" parent="." index="59"]

texture = ExtResource( 2 )

[node name="61-FloorDL" parent="." index="60"]

texture = ExtResource( 2 )

[node name="62-FloorDR" parent="." index="61"]

texture = ExtResource( 2 )

[node name="63-FloorS4" parent="." index="62"]

texture = ExtResource( 2 )


