[gd_scene load_steps=3 format=2]

[ext_resource path="res://Tilesets/Tileset.tscn" type="PackedScene" id=1]
[ext_resource path="res://assets/images/terrains/rock-terrain.png" type="Texture" id=2]

[node name="Tileset" instance=ExtResource( 1 )]

[node name="01-Detail1" parent="." index="0"]

texture = ExtResource( 2 )

[node name="02-WallTLCx" parent="." index="1"]

texture = ExtResource( 2 )

[node name="03-WallTRCx" parent="." index="2"]

texture = ExtResource( 2 )

[node name="04-Detail2" parent="." index="3"]

texture = ExtResource( 2 )

[node name="05-WallBLCx" parent="." index="4"]

texture = ExtResource( 2 )

[node name="06-WallBRCx" parent="." index="5"]

texture = ExtResource( 2 )

[node name="07-WallTLCv" parent="." index="6"]

texture = ExtResource( 2 )

[node name="08-WallT" parent="." index="7"]

texture = ExtResource( 2 )

[node name="09-WallTRCv" parent="." index="8"]

texture = ExtResource( 2 )

[node name="10-WallL" parent="." index="9"]

texture = ExtResource( 2 )

[node name="11-WallC" parent="." index="10"]

texture = ExtResource( 2 )

[node name="12-WallR" parent="." index="11"]

texture = ExtResource( 2 )

[node name="13-WallBLCv" parent="." index="12"]

texture = ExtResource( 2 )

[node name="14-WallB" parent="." index="13"]

texture = ExtResource( 2 )

[node name="15-WallBRCv" parent="." index="14"]

texture = ExtResource( 2 )

[node name="16-WallS1" parent="." index="15"]

texture = ExtResource( 2 )

[node name="17-WallS2" parent="." index="16"]

texture = ExtResource( 2 )

[node name="18-WallS3" parent="." index="17"]

texture = ExtResource( 2 )

[node name="19-WallDL" parent="." index="18"]

texture = ExtResource( 2 )

[node name="20-WallDR" parent="." index="19"]

texture = ExtResource( 2 )

[node name="21-WallS4" parent="." index="20"]

texture = ExtResource( 2 )

[node name="22-Detail3" parent="." index="21"]

texture = ExtResource( 2 )

[node name="23-HoleTLCx" parent="." index="22"]

texture = ExtResource( 2 )

[node name="24-HoleTRCx" parent="." index="23"]

texture = ExtResource( 2 )

[node name="25-Detail4" parent="." index="24"]

texture = ExtResource( 2 )

[node name="26-HoleBLCx" parent="." index="25"]

texture = ExtResource( 2 )

[node name="27-HoleBRCx" parent="." index="26"]

texture = ExtResource( 2 )

[node name="28-HoleTLCv" parent="." index="27"]

texture = ExtResource( 2 )

[node name="29-HoleT" parent="." index="28"]

texture = ExtResource( 2 )

[node name="30-HoleTRCv" parent="." index="29"]

texture = ExtResource( 2 )

[node name="31-HoleL" parent="." index="30"]

texture = ExtResource( 2 )

[node name="32-HoleC" parent="." index="31"]

texture = ExtResource( 2 )

[node name="33-HoleR" parent="." index="32"]

texture = ExtResource( 2 )

[node name="34-HoleBLCv" parent="." index="33"]

texture = ExtResource( 2 )

[node name="35-HoleB" parent="." index="34"]

texture = ExtResource( 2 )

[node name="36-HoleBRCv" parent="." index="35"]

texture = ExtResource( 2 )

[node name="37-HoleS1" parent="." index="36"]

texture = ExtResource( 2 )

[node name="StaticBody2D" type="StaticBody2D" parent="37-HoleS1" index="0"]

input_pickable = false
collision_layer = 1
collision_mask = 1
constant_linear_velocity = Vector2( 0, 0 )
constant_angular_velocity = 0.0
friction = 1.0
bounce = 0.0

[node name="CollisionPolygon2D" type="CollisionPolygon2D" parent="37-HoleS1/StaticBody2D" index="0"]

build_mode = 0
polygon = PoolVector2Array( 16, 16, 16, -16, -16, -16, -16, 16 )

[node name="38-HoleS2" parent="." index="37"]

texture = ExtResource( 2 )

[node name="StaticBody2D" type="StaticBody2D" parent="38-HoleS2" index="0"]

input_pickable = false
collision_layer = 1
collision_mask = 1
constant_linear_velocity = Vector2( 0, 0 )
constant_angular_velocity = 0.0
friction = 1.0
bounce = 0.0
_sections_unfolded = [ "Transform" ]

[node name="CollisionPolygon2D" type="CollisionPolygon2D" parent="38-HoleS2/StaticBody2D" index="0"]

build_mode = 0
polygon = PoolVector2Array( 16, 16, 16, -16, -16, -16, -16, 16 )

[node name="39-HoleS3" parent="." index="38"]

texture = ExtResource( 2 )

[node name="StaticBody2D" type="StaticBody2D" parent="39-HoleS3" index="0"]

input_pickable = false
collision_layer = 1
collision_mask = 1
constant_linear_velocity = Vector2( 0, 0 )
constant_angular_velocity = 0.0
friction = 1.0
bounce = 0.0
_sections_unfolded = [ "Transform" ]

[node name="CollisionPolygon2D" type="CollisionPolygon2D" parent="39-HoleS3/StaticBody2D" index="0"]

build_mode = 0
polygon = PoolVector2Array( 16, 16, 16, -16, -16, -16, -16, 16 )

[node name="40-HoleDL" parent="." index="39"]

texture = ExtResource( 2 )

[node name="41-HoleDR" parent="." index="40"]

texture = ExtResource( 2 )

[node name="42-HoleS4" parent="." index="41"]

texture = ExtResource( 2 )

[node name="43-Detail6" parent="." index="42"]

texture = ExtResource( 2 )

[node name="44-FloorTLCx" parent="." index="43"]

texture = ExtResource( 2 )

[node name="45-FloorTRCx" parent="." index="44"]

texture = ExtResource( 2 )

[node name="46-Detail7" parent="." index="45"]

texture = ExtResource( 2 )

[node name="47-FloorBLCx" parent="." index="46"]

texture = ExtResource( 2 )

[node name="48-FloorBRCx" parent="." index="47"]

texture = ExtResource( 2 )

[node name="49-FloorTLCv" parent="." index="48"]

texture = ExtResource( 2 )

[node name="50-FloorTC" parent="." index="49"]

texture = ExtResource( 2 )

[node name="51-FloorTR" parent="." index="50"]

texture = ExtResource( 2 )

[node name="52-FloorL" parent="." index="51"]

texture = ExtResource( 2 )

[node name="53-FloorC" parent="." index="52"]

texture = ExtResource( 2 )

[node name="54-FloorR" parent="." index="53"]

texture = ExtResource( 2 )

[node name="55-FloorBLCv" parent="." index="54"]

texture = ExtResource( 2 )

[node name="56-FloorBC" parent="." index="55"]

texture = ExtResource( 2 )

[node name="57-FloorBRCv" parent="." index="56"]

texture = ExtResource( 2 )

[node name="58-FloorS1" parent="." index="57"]

texture = ExtResource( 2 )

[node name="59-FloorS2" parent="." index="58"]

texture = ExtResource( 2 )

[node name="60-FloorS3" parent="." index="59"]

texture = ExtResource( 2 )

[node name="61-FloorDL" parent="." index="60"]

texture = ExtResource( 2 )

[node name="62-FloorDR" parent="." index="61"]

texture = ExtResource( 2 )

[node name="63-FloorS4" parent="." index="62"]

texture = ExtResource( 2 )


